[gd_scene load_steps=4 format=2]

[ext_resource path="res://Assets/Sprites/gui/player_life.png" type="Texture" id=1]
[ext_resource path="res://Scripts/GUI.gd" type="Script" id=2]
[ext_resource path="res://Assets/Sprites/gui/boss_life.png" type="Texture" id=3]

[node name="GUI" type="Node2D"]
script = ExtResource( 2 )

[node name="HBoxContainer" type="HBoxContainer" parent="."]
margin_left = 20.0
margin_top = 20.0
margin_right = 1132.0
margin_bottom = 628.0
size_flags_horizontal = 3
__meta__ = {
"_edit_use_anchors_": false
}

[node name="PlayerLives1" type="TextureRect" parent="HBoxContainer"]
margin_right = 30.0
margin_bottom = 608.0
texture = ExtResource( 1 )

[node name="PlayerLives2" type="TextureRect" parent="HBoxContainer"]
margin_left = 34.0
margin_right = 64.0
margin_bottom = 608.0
texture = ExtResource( 1 )

[node name="PlayerLives3" type="TextureRect" parent="HBoxContainer"]
margin_left = 68.0
margin_right = 98.0
margin_bottom = 608.0
texture = ExtResource( 1 )

[node name="PlayerLives4" type="TextureRect" parent="HBoxContainer"]
margin_left = 102.0
margin_right = 132.0
margin_bottom = 608.0
texture = ExtResource( 1 )

[node name="PlayerLives5" type="TextureRect" parent="HBoxContainer"]
margin_left = 136.0
margin_right = 166.0
margin_bottom = 608.0
texture = ExtResource( 1 )

[node name="HBoxContainer2" type="HBoxContainer" parent="."]
margin_left = 20.0
margin_top = 20.0
margin_right = 1132.0
margin_bottom = 628.0
size_flags_horizontal = 3
alignment = 2
__meta__ = {
"_edit_use_anchors_": false
}

[node name="BossLives1" type="TextureRect" parent="HBoxContainer2"]
margin_left = 596.0
margin_right = 618.0
margin_bottom = 608.0
texture = ExtResource( 3 )

[node name="BossLives2" type="TextureRect" parent="HBoxContainer2"]
margin_left = 622.0
margin_right = 644.0
margin_bottom = 608.0
texture = ExtResource( 3 )

[node name="BossLives3" type="TextureRect" parent="HBoxContainer2"]
margin_left = 648.0
margin_right = 670.0
margin_bottom = 608.0
texture = ExtResource( 3 )

[node name="BossLives4" type="TextureRect" parent="HBoxContainer2"]
margin_left = 674.0
margin_right = 696.0
margin_bottom = 608.0
texture = ExtResource( 3 )

[node name="BossLives5" type="TextureRect" parent="HBoxContainer2"]
margin_left = 700.0
margin_right = 722.0
margin_bottom = 608.0
texture = ExtResource( 3 )

[node name="BossLives6" type="TextureRect" parent="HBoxContainer2"]
margin_left = 726.0
margin_right = 748.0
margin_bottom = 608.0
texture = ExtResource( 3 )

[node name="BossLives7" type="TextureRect" parent="HBoxContainer2"]
margin_left = 752.0
margin_right = 774.0
margin_bottom = 608.0
texture = ExtResource( 3 )

[node name="BossLives8" type="TextureRect" parent="HBoxContainer2"]
margin_left = 778.0
margin_right = 800.0
margin_bottom = 608.0
texture = ExtResource( 3 )

[node name="BossLives9" type="TextureRect" parent="HBoxContainer2"]
margin_left = 804.0
margin_right = 826.0
margin_bottom = 608.0
texture = ExtResource( 3 )

[node name="BossLives10" type="TextureRect" parent="HBoxContainer2"]
margin_left = 830.0
margin_right = 852.0
margin_bottom = 608.0
texture = ExtResource( 3 )

[node name="BossLives11" type="TextureRect" parent="HBoxContainer2"]
margin_left = 856.0
margin_right = 878.0
margin_bottom = 608.0
texture = ExtResource( 3 )

[node name="BossLives12" type="TextureRect" parent="HBoxContainer2"]
margin_left = 882.0
margin_right = 904.0
margin_bottom = 608.0
texture = ExtResource( 3 )

[node name="BossLives13" type="TextureRect" parent="HBoxContainer2"]
margin_left = 908.0
margin_right = 930.0
margin_bottom = 608.0
texture = ExtResource( 3 )

[node name="BossLives14" type="TextureRect" parent="HBoxContainer2"]
margin_left = 934.0
margin_right = 956.0
margin_bottom = 608.0
texture = ExtResource( 3 )

[node name="BossLives15" type="TextureRect" parent="HBoxContainer2"]
margin_left = 960.0
margin_right = 982.0
margin_bottom = 608.0
texture = ExtResource( 3 )

[node name="BossLives16" type="TextureRect" parent="HBoxContainer2"]
margin_left = 986.0
margin_right = 1008.0
margin_bottom = 608.0
texture = ExtResource( 3 )

[node name="BossLives17" type="TextureRect" parent="HBoxContainer2"]
margin_left = 1012.0
margin_right = 1034.0
margin_bottom = 608.0
texture = ExtResource( 3 )

[node name="BossLives18" type="TextureRect" parent="HBoxContainer2"]
margin_left = 1038.0
margin_right = 1060.0
margin_bottom = 608.0
texture = ExtResource( 3 )

[node name="BossLives19" type="TextureRect" parent="HBoxContainer2"]
margin_left = 1064.0
margin_right = 1086.0
margin_bottom = 608.0
texture = ExtResource( 3 )

[node name="BossLives20" type="TextureRect" parent="HBoxContainer2"]
margin_left = 1090.0
margin_right = 1112.0
margin_bottom = 608.0
texture = ExtResource( 3 )
